<record><leader>00000cas a22000007a 4500</leader><controlfield tag="001">28321114</controlfield><controlfield tag="008">930624d19091913wyuwr ne      0    0eng d</controlfield><datafield ind1=" " ind2=" " tag="010"><subfield code="a">sn 93070068 </subfield></datafield><datafield ind1=" " ind2=" " tag="040"><subfield code="a">NVO</subfield><subfield code="b">eng</subfield><subfield code="c">NVO</subfield><subfield code="d">OCLCQ</subfield></datafield><datafield ind1=" " ind2=" " tag="042"><subfield code="a">msc</subfield></datafield><datafield ind1="0" ind2="0" tag="245"><subfield code="a">Moorcroft times.</subfield></datafield><datafield ind1=" " ind2=" " tag="260"><subfield code="a">Moorcroft, Crook County, Wyo. :</subfield><subfield code="b">C.F. Shilling</subfield></datafield><datafield ind1=" " ind2=" " tag="300"><subfield code="a">v.</subfield></datafield><datafield ind1=" " ind2=" " tag="310"><subfield code="a">Weekly</subfield></datafield><datafield ind1="1" ind2=" " tag="362"><subfield code="a">Began in 1909.</subfield><subfield code="z">Cf. Homsher, L. Guide to Wyoming newspapers, 1867-1967.</subfield></datafield><datafield ind1="0" ind2=" " tag="362"><subfield code="a">-v. 5, no. 5 (Nov. 27, 1913).</subfield></datafield><datafield ind1=" " ind2=" " tag="588"><subfield code="a">Description based on: Vol. 1, no. 26 (Apr. 1, 1910).</subfield></datafield><datafield ind1=" " ind2="4" tag="651"><subfield code="a">Moorcroft (Wyo.)</subfield><subfield code="v">Newspapers.</subfield></datafield><datafield ind1=" " ind2="4" tag="651"><subfield code="a">Crook County (Wyo.)</subfield><subfield code="v">Newspapers.</subfield></datafield><datafield ind1=" " ind2=" " tag="752"><subfield code="a">United States</subfield><subfield code="b">Wyoming</subfield><subfield code="c">Crook</subfield><subfield code="d">Moorcroft.</subfield></datafield><datafield ind1="0" ind2="0" tag="785"><subfield code="t">Times (Moorcroft, Wyo.)</subfield><subfield code="w">(DLC)sn 92067204</subfield></datafield><datafield ind1="1" ind2=" " tag="029"><subfield code="a">AU@</subfield><subfield code="b">000025898314</subfield></datafield></record>